@article{ipython,
Author			= {P\'erez, F. and Granger, B. E.},
Title			= {{IP}ython: a {S}ystem for {I}nteractive {S}cientific {C}omputing},
Journal		  	= {{C}omput. {S}ci. {E}ng.},
Volume			= {9},
Number			= {3},
Pages			= {21-29},
month			= may,
year			= 2007,
url				= "http://ipython.org",
}

@misc{scipy,
  author =	 {Jones, E. and Oliphant, T. E. and  Peterson, P. and others},
  title =	  {{SciPy}: Open source scientific tools for {Python}},
  year =		{2001--},
  url = "http://www.scipy.org/"
}

@article{numpy,
author = {Oliphant, T. E.},
title = {Python for Scientific Computing},
publisher = {IEEE},
year = {2007},
journal = {{C}omput. {S}ci. {E}ng.},
volume = {9},
number = {3},
pages = {10-20},
keywords = {high level languages; natural sciences computing},
COMMENTEDurl = {http://link.aip.org/link/?CSX/9/10/1}
}

@article{matplotlib,
 author = {Hunter, J. D.},
 title = {Matplotlib: A 2D Graphics Environment},
 journal = {{C}omput. {S}ci. {E}ng.},
 issue_date = {May 2007},
 volume = {9},
 number = {3},
 month = may,
 year = {2007},
 issn = {1521-9615},
 pages = {90--95},
 numpages = {6},
 publisher = {IEEE Educational Activities Department},
 address = {Piscataway, NJ, USA},
 keywords = {Python, Python, scripting languages, application development, scientific programming, application development, scientific programming, scripting languages},
COMMENTEDurl = {http://dx.doi.org/10.1109/MCSE.2007.55},
COMMENTEDdoi = {10.1109/MCSE.2007.55},
COMMENTEDacmid = {1251845},
}


@article{pymca,
 title = "A multiplatform code for the analysis of energy-dispersive X-ray fluorescence spectra",
 journal = "Spectrochim. Acta Part B",
 volume = "62",
 number = "1",
 pages = "63--68",
 year = "2007",
 author = { Sol\'e, V.A. and Papillon, E. and  Cotte,M. and  Walter,Ph. and  Susini, J.},
COMMENTEDissn = "0584-8547",
COMMENTEDdoi = "10.1016/j.sab.2006.12.002",
COMMENTEDkeywords = "X-ray fluorescence",
COMMENTEDurl = "http://www.sciencedirect.com/science/article/pii/S0584854706003764",
}

@article{edna,
author = {Incardona, M-F. and Bourenkov, G and Levik, K. and Pieritz, R and Popov, A. and Svensson, O. },
COMMENTEDauthor = {Incardona, Marie-Fran{\c{c}}oise and Bourenkov, Gleb P. and Levik, Karl and Pieritz, Romeu A. and Popov, Alexander N. and Svensson, Olof},
title = "{{\it EDNA}: a framework for plugin-based applications applied to X-ray experiment online data analysis}",
journal = "J. Synchrotron Rad.",
year = "2009",
volume = "16",
number = "6",
pages = "872--879",
month = "Nov",
COMMENTEDdoi = {10.1107/S0909049509036681},
COMMENTEDurl = {http://dx.doi.org/10.1107/S0909049509036681},
}


@article{cython,
	author={Behnel, S. and Bradshaw, R. and Citro, C. and Dalcin, L. and Seljebotn, D.S. and Smith, K.},
	journal={{C}omput. {S}ci. {E}ng.},
	title={Cython: The Best of Both Worlds},
	year={2011},
	month={march-april},
	volume={13},
	number={2},
	pages={31 -39},
	keywords={Cython language;Fortran code;Python language extension;numerical loops;programming language;C language;numerical analysis;},
COMMENTEDdoi={10.1109/MCSE.2010.118},
COMMENTEDISSN={1521-9615},
}

@misc{fabio,
  author =	{Knudsen, E. B. and S{\o}rensen, H. O. and Wright, J. P. and Goret, G. and Kieffer, J.},
  title =	{{FabIO}: {I/O} library for images produced by {2D X-ray} detectors},
  year =	{2007--},
  url = {http://sourceforge.net/projects/fable/files/fabio},
}

@article{fitallb,
	author =  {Oddershede, J. and  Schmidt, S. and Poulsen, H. F. and  Sorensen, H. O. and Wright, J.P. and Reimers, W.},
	year = 2010,
	journal = {J. Appl. Cryst.},
	volume =  43,
	pages = {539--549},
}

@article{3dxrd,
	author = {S{\o}rensen, H. O. and Schmidt, S. and  Wright, J. P. and  Vaughan, G. B. M. and Techert, S. and  Garman, E. F. and  Oddershede, J. and Davaasambu, J. and  Paithankar, K. S. and  Gundlach, C. and  Poulsen, H. F.},
	COMMENTEDauthor = { S{\o}rensen, H. O. and Schmidt, S. and  Wright, J. P. and  Vaughan, G. B. M. and Techert, S. and  Garman, E. F. and  Oddershede, J. ans Davaasambu, J. and  Paithankar, K. S. and  Gundlach, C. and  Poulsen, H. F.},
	year = 2012,
	journal={Z Kristallogr},
	volume = { 227},
	pages = {63--78.},
}

@article{fit2d,
	title = {FIT2D: An Introduction and Overview},
	author = {Hammersley, A. P.},
	journal = {ESRF Internal report},
	note = {ESRF97HA02T},
	year = {1997},
}

@article{pyfai,
	title = {PyFAI, a versatile library for azimuthal regrouping},
	author = {Kieffer, J. and  Karkoulis, D.},
	year = {2012},
	journal = {Journal of Physics: Conference Series},
	note = {accepted},
}

@misc{fabian,
	author = {S{\o}rensen, H. O. and Knudsen, E. B.},
	year = {2006},
	title = {fabian},
	url = {http://fable.svn.sourceforge.net/svnroot/fable/fabian},
	company = {Ris{\o} National Laboratory for Sustainable Development, Technical University of Denmark},
	city = {Roskilde},
}

@misc{imaged11,
	author = {Wright, J. P.},
	year = {2005},
	title = {Image{D}11},
	url = {http://fable.svn.sourceforge.net/svnroot/fable/ImageD11},
	company = {{ESRF}},
	city={Grenoble},
}

@misc{python,
	author = {van Rossum, G. and others},
	year = {1989--},
	title = {Python programming language},
	url = {http://www.python.org},
}

@misc{gzip,
 	author = {Deutsch, P.},
 	title = {GZIP file format specification version 4.3},
 	year = {1996},
 	publisher = {RFC Editor},
 	address = {United States},
} 

@article{bzip2,
	author = { Burrows, M. and Wheeler, D.},
	year= {1994},
	title = {A block sorting lossless data compression algorithm},
	journal = {Technical Report, Digital Equipment Corporation},
	volume = 124,
	url = {http://www.hpl.hp.com/techreports/Compaq-DEC/SRC-RR-124.pdf},
	COMMENTEDnote = {Technical Report 124, Digital Equipment Corporation},
}
	
@misc{hdf5,
	author = {{The HDF Group}},
	title = {Hierarchical data format version 5},
	year = {2000-2010},
	url = {http://www.hdfgroup.org/HDF5},
}
	
@misc{h5py,
	author = { Collette, A.},
	title = {HDF5 for Python},
	year = {2008},
	url = {http://h5py.alfven.org},
}
	  
@misc{tiff,
	Key = {{ISO 12639}},
	publisher = {{ISO, Geneva, Switzerland}},
	type = {{Norm}},
	title = {{Graphic technology -- Prepress digital data exchange -- Tag image file format for image technology}},
	number = {{ISO 12639:2004}},
	year = {{2004}},
}

@misc{pil,
	 author = {PythonWare},
	 title = {{Python Imaging Library (PIL)}},
	 url = {http://www.pythonware.com/products/pil/},
	 year = {2005-},
}

@misc{skimage,
	 author = {van der Walt, S. and others },
	 title = {{scikits-image} is a collection of algorithms for image processing.},
	 url = {http://scikits-image.org/},
	 year = {2011},
}

@misc{lxml,
	 author = {Behnel, S. and Faassen, M. and Bicking, I. and Joukl, H. and Sapin, S. and Parent, M. A. and Grisel, O. and Buchcik, K. and Wagner, F. and Kroymann, E. and  Everitt, P. and Ng, V. and Kern, R. and Pakulat, A. and Sankel, D. and Kasperski, M. and da Silva, S. and Obernd{\"0}rfer, P. },
	 title = {{LXML:} Pythonic binding for the {C} libraries libxml2 and libxslt.},
	 url = {http://lxml.de},
	 year = {2005},
}

@article{tub05,
	author = {Poirier, S. and  Buteau, A. and Gagey,  B and  Martinez,  P.  and Mar√©chal, C. and  Mederbel, M. and Ounsy, M and Pierrot, P. and  Rochat, J. M.},
	year = 2009,
	title = {Experimental Data Storage Management in NeXus Format at Synchrotron SOLEIL },
	journal = {Proceedings of ICALEPCS2009},
	url = {http://accelconf.web.cern.ch/accelconf/icalepcs2009/papers/tub005.pdf},
}

@misc{fable,
	author = {G{\"o}tz, A. and Suchet, G. and Evan, K.},
	year = {2007},
	title = {Fable user interface},
	url = {http://fable.sf.net},
	company = {{ESRF}},
	city = {Grenoble},
}
@misc{totalcryst,
	author = {Poulsen, H. F. and Schmidt, S. and S{\o}rensen, H. O. and Vaughan, G. B. M. and Wright, J. P. and  Gundlach, C. and G{\"o}tz, A. and Suchet, G. and Techert, S. and Davaasambuu, J. and Garman, E. F. and Paithankar, K. S. and  Jensen, A. F. and Petricek, V. and Dusek, M. and Herman, G. T. },
	year = {2006},
	title = {TotalCryst project},
	url = {http://www.totalcryst.dk/},
}
@misc{nexus,
  year = {2012-},
  author = {NIAC},
  title={{NeXus International Advisory Committee}},
  url = {http://www.nexusformat.org},
}

